%% This BibTeX bibliography file was created using BibDesk.
%% https://bibdesk.sourceforge.io/

%% Created for jwbowers at 2025-02-27 09:34:26 -0600 


%% Saved with string encoding Unicode (UTF-8) 


@string{jasa = {Journal of the American Statistical Association}}

@string{statsci = {Statistical Science}}

@string{tas = {The American Statistician}}


@incollection{rosenbaum2002book,
	author = {Rosenbaum, Paul R},
	booktitle = {Observational studies},
	date-added = {2025-02-27 08:56:17 -0600},
	date-modified = {2025-02-27 08:56:17 -0600},
	publisher = {Springer},
	title = {Observational studies},
	year = {2002}}

@article{meinshausen2008hierarchical,
	author = {Meinshausen, Nicolai},
	date-added = {2025-02-27 08:55:46 -0600},
	date-modified = {2025-02-27 08:55:46 -0600},
	journal = {Biometrika},
	number = {2},
	pages = {265--278},
	publisher = {Oxford University Press},
	title = {Hierarchical testing of variable importance},
	volume = {95},
	year = {2008}}

@article{goeman2012inheritance,
	author = {Goeman, Jelle J and Finos, Livio},
	date-added = {2025-02-27 08:55:12 -0600},
	date-modified = {2025-02-27 08:55:12 -0600},
	journal = {Statistical applications in genetics and molecular biology},
	number = {1},
	pages = {0000101515154461151554},
	publisher = {De Gruyter},
	title = {The inheritance procedure: multiple testing of tree-structured hypotheses},
	volume = {11},
	year = {2012}}

@book{andrews1972,
	author = {Andrews, David F and Hampel, Frank R and Huber, Peter and Rogers, W and Tukey, John},
	date = {1972},
	publisher = {Princeton University Press},
	title = {Robust estimates of location: survey and advances}}

@online{diamond2023-mb,
	author = {Diamond, John and Weiss, Michael J and Hill, Colin and Slaughter, Austin and Dai, Stanley},
	date = {2023},
	publisher = {Inter-university Consortium for Political and Social Research [distributor]},
	title = {{MDRC's} The Higher Education Randomized Controlled Trials Restricted Access File ({THE-RCT} {RAF)}, United States, 2003-2019}}

@article{foster2008alpha,
	author = {Foster, Dean P and Stine, Robert A},
	date = {2008},
	journaltitle = {Journal of the Royal Statistical Society: Series B (Statistical Methodology)},
	number = {2},
	pages = {429--444},
	publisher = {Wiley Online Library},
	title = {$\alpha$-investing: a procedure for sequential control of expected false discoveries},
	volume = {70}}

@article{goeman2010sequential,
	author = {Goeman, Jelle J and Solari, Aldo},
	date = {2010},
	journaltitle = {The Annals of Statistics},
	pages = {3782--3810},
	publisher = {JSTOR},
	title = {The sequential rejection principle of familywise error control}}

@incollection{goertz2008measurement,
	author = {Goertz, Gary},
	booktitle = {The Oxford Handbook of Political Methodology (Oxford Handbooks of Political Science)},
	date = {2008},
	title = {Concepts, Theories and Numbers: A Checklist for Constructing, Evaluating and Using Concepts or Quantitative Measures}}

@article{green2012modeling,
	author = {Green, Donald P and Kern, Holger L},
	date = {2012},
	journaltitle = {Public Opinion Quarterly},
	pages = {nfs036},
	publisher = {AAPOR},
	title = {Modeling heterogeneous treatment effects in survey experiments with Bayesian additive regression trees}}

@article{hansen2008cbs,
	author = {Hansen, B.B. and Bowers, J.},
	date = {2008},
	journaltitle = STATSCI,
	pages = {219},
	title = {Covariate Balance in Simple, Stratified and Clustered Comparative Studies},
	volume = {23}}

@article{hotelling1931gss,
	author = {Hotelling, Harold},
	date = {1931},
	journaltitle = {Annals of Mathematical Statistics},
	number = {3},
	pages = {360--378},
	title = {{The Generalization of {S}tudent's Ratio}},
	volume = {2}}

@article{hothornetal:coin:2006,
	author = {Hothorn, Torsten and Hornik, Kurt and van de Wiel, Mark A. and Zeileis, Achim},
	date = {2006},
	journaltitle = TAS,
	number = {3},
	pages = {257--263},
	title = {A Lego System for Conditional Inference},
	volume = {60}}

@article{lynch2017control,
	author = {Lynch, Gavin and Guo, Wenge and Sarkar, Sanat K and Finner, Helmut and others},
	date = {2017},
	journaltitle = {Electronic Journal of Statistics},
	number = {2},
	pages = {4649--4673},
	publisher = {The Institute of Mathematical Statistics and the Bernoulli Society},
	title = {The control of the false discovery rate in fixed sequence multiple testing},
	volume = {11}}

@article{marcus1976closed,
	author = {Marcus, Ruth and Eric, Peritz and Gabriel, K Ruben},
	date = {1976},
	journaltitle = {Biometrika},
	number = {3},
	pages = {655--660},
	publisher = {Oxford University Press},
	title = {On closed testing procedures with special reference to ordered analysis of variance},
	volume = {63}}

@article{mebane2004robust,
	author = {Mebane, Walter R and Sekhon, Jasjeet S},
	date = {2004},
	journaltitle = {American Journal of Political Science},
	number = {2},
	pages = {392--411},
	publisher = {Wiley Online Library},
	title = {Robust estimation and outlier detection for overdispersed multinomial models of count data},
	volume = {48}}

@report{miller2020asap_ohioA,
	author = {Miller, Cynthia and Headlam, Camielle and Manno, Michelle and Cullinan, Dan},
	date = {2020},
	institution = {MDRC},
	location = {New York},
	title = {Increasing Community College Graduation Rates with a Proven Model: Three-Year Results from the Accelerated Study in Associate Programs (ASAP) Ohio Demonstration.},
	type = {techreport}}

@article{moore2012multivariate,
	author = {Moore, Ryan T},
	date = {2012},
	journaltitle = {Political Analysis},
	number = {4},
	pages = {460--479},
	publisher = {Cambridge University Press},
	title = {Multivariate continuous blocking to improve political science experiments},
	volume = {20}}

@article{ramdas2018saffron,
	author = {Ramdas, Aaditya and Zrnic, Tijana and Wainwright, Martin and Jordan, Michael},
	date = {2018},
	journaltitle = {arXiv preprint arXiv:1802.09098},
	title = {SAFFRON: an adaptive algorithm for online control of the false discovery rate}}

@article{ratledge2019path,
	author = {Ratledge, Alyssa and O'Donoghue, Rebekah and Cullinan, Dan and Camo-Biogradlija, Jasmina},
	date = {2019},
	journaltitle = {MDRC},
	publisher = {ERIC},
	title = {A Path from Access to Success: Interim Findings from the Detroit Promise Path Evaluation.}}

@article{rizzo2010,
	author = {Rizzo, Maria L. and Sz{\'e}kely, G{\'a}bor J.},
	date = {2010-06},
	doi = {10.1214/09-AOAS245},
	journaltitle = {Ann. Appl. Stat.},
	number = {2},
	pages = {1034--1055},
	publisher = {The Institute of Mathematical Statistics},
	title = {DISCO analysis: A nonparametric extension of analysis of variance},
	url = {https://doi.org/10.1214/09-AOAS245},
	volume = {4},
	bdsk-url-1 = {https://doi.org/10.1214/09-AOAS245}}

@article{rosenbaum2008tho,
	author = {Rosenbaum, P.R.},
	date = {2008},
	journaltitle = {Biometrika},
	number = {1},
	pages = {248--252},
	publisher = {Oxford University Press},
	title = {{Testing hypotheses in order}},
	volume = {95}}

@article{rosenbaum2012testing,
	author = {Rosenbaum, Paul R},
	date = {2012},
	journaltitle = {Biometrika},
	number = {4},
	pages = {763--774},
	publisher = {Biometrika Trust},
	title = {Testing one hypothesis twice in observational studies},
	volume = {99}}

@article{rosenbaum2008a,
	abstract = {In certain circumstances, one wishes to test one hypothesis only if certain other hypotheses have been rejected. This ordering of hypotheses simplifies the task of controlling the probability of rejecting any true hypothesis. In an example from an observational study, a treated group is shown to be further from both of two control groups than the two control groups are from each other},
	author = {Rosenbaum, Paul R.},
	date = {2008},
	file = {:Users/jwbowers/Dropbox/DestinyPapers/rosenbaum2008\{TestingInOrder\}.pdf:pdf},
	issn = {00063444},
	journaltitle = {Biometrika},
	keywords = {Multiparameter hypothesis,Multiple control groups,Observational study,Ordered family of hypotheses},
	pages = {248--252},
	title = {{Testing hypotheses in order}},
	volume = {95}}

@book{rosenbaum2017,
	author = {Rosenbaum, Paul R.},
	date = {2017},
	isbn = {9780674975576},
	location = {Cambridge, MA},
	pages = {374},
	publisher = {Harvard University Press},
	title = {{Observation and experiment : an introduction to causal inference}}}

@article{scrivener2022findings,
	author = {Scrivener, Susan and Weiss, Michael J},
	date = {2022},
	journaltitle = {MDRC},
	publisher = {ERIC},
	title = {Findings and Lessons from a Synthesis of MDRC's Postsecondary Education Research.}}

@article{small2011structured,
	author = {Small, D.S. and Volpp, K.G. and Rosenbaum, P.R.},
	date = {2011},
	issn = {0003-1305},
	journaltitle = TAS,
	number = {1},
	pages = {11--15},
	publisher = {ASA},
	title = {Structured Testing of 2$\times$ 2 Factorial Effects: An Analytic Plan Requiring Fewer Observations},
	volume = {65}}

@article{strasser1999asymptotic,
	author = {Strasser, Helmut and Weber, Christian},
	date = {1999},
	publisher = {SFB Adaptive Information Systems and Modelling in Economics and Management~{\ldots}},
	title = {On the asymptotic theory of permutation statistics}}

@article{szekely2017energy,
	author = {Szekely, Gabor J and Rizzo, Maria L},
	date = {2017},
	journaltitle = {Annual Review of Statistics and Its Application},
	pages = {447--479},
	publisher = {Annual Reviews},
	title = {The energy of data},
	volume = {4}}

@article{szekely2013energy,
	author = {Sz{\'e}kely, G{\'a}bor J and Rizzo, Maria L},
	date = {2013},
	journaltitle = {Journal of statistical planning and inference},
	number = {8},
	pages = {1249--1272},
	publisher = {Elsevier},
	title = {Energy statistics: A class of statistics based on distances},
	volume = {143}}

@article{tian2019addis,
	author = {Tian, Jinjin and Ramdas, Aaditya},
	date = {2019},
	journaltitle = {arXiv preprint arXiv:1905.11465},
	title = {ADDIS: adaptive algorithms for online FDR control with conservative nulls}}

@article{wager2018estimation,
	author = {Wager, Stefan and Athey, Susan},
	date = {2018},
	journaltitle = JASA,
	number = {523},
	pages = {1228--1242},
	publisher = {Taylor \& Francis},
	title = {Estimation and inference of heterogeneous treatment effects using random forests},
	volume = {113}}

@article{weiss2022works,
	author = {Weiss, Michael J and Bloom, Howard S},
	date = {2022},
	journaltitle = {MDRC},
	publisher = {ERIC},
	title = {" What Works" for Community College Students? A Brief Synthesis of 20 Years of MDRC's Randomized Controlled Trials.}}

@article{yekutieli2008hierarchical,
	author = {Yekutieli, Daniel},
	date = {2008},
	journaltitle = JASA,
	number = {481},
	pages = {309--316},
	publisher = {Taylor \& Francis},
	title = {Hierarchical false discovery rate--controlling methodology},
	volume = {103}}
